<?xml version="1.0" encoding="UTF-8"?><collection><record><leader>11200ntm a2201117 a 4500</leader><controlfield tag="001">006776036</controlfield><controlfield tag="003">MiAaHDL</controlfield><controlfield tag="005">20190719000000.0</controlfield><controlfield tag="006">m        d        </controlfield><controlfield tag="007">cr bn ---auaua</controlfield><controlfield tag="008">090507m15441772xx            00| ||ara d</controlfield><datafield tag="035" ind1=" " ind2=" "><subfield code="a">(MiU)006776036</subfield></datafield><datafield tag="035" ind1=" " ind2=" "><subfield code="a">sdr-miu006776036</subfield></datafield><datafield tag="040" ind1=" " ind2=" "><subfield code="a">MiU</subfield><subfield code="c">MiU</subfield><subfield code="e">amremm</subfield></datafield><datafield tag="043" ind1=" " ind2=" "><subfield code="a">n-us-mi</subfield></datafield><datafield tag="100" ind1="1" ind2=" "><subfield code="6">880-01</subfield><subfield code="a">Nābulusī, ʻAbd al-Ghanī ibn Ismāʻīl,</subfield><subfield code="d">1641-1731.</subfield></datafield><datafield tag="245" ind1="1" ind2="0"><subfield code="6">880-03</subfield><subfield code="a">[Majmūʻat rasāʼil al-Nābulusī ...etc.,</subfield><subfield code="f">951, i.e. 1544 and 1185, i.e. 1771 or 1772].</subfield></datafield><datafield tag="246" ind1="3" ind2=" "><subfield code="6">880-04</subfield><subfield code="i">Edge title (head):</subfield><subfield code="a">مجموعة الشريفة للنابلسى</subfield></datafield><datafield tag="260" ind1=" " ind2=" "><subfield code="c">[1544 and 1771 or 1772]</subfield></datafield><datafield tag="300" ind1=" " ind2=" "><subfield code="a">306 leaves :</subfield><subfield code="b">paper ;</subfield><subfield code="c">204 x 155 (160 x 75) mm. bound to 202 x 165 mm.</subfield></datafield><datafield tag="500" ind1=" " ind2=" "><subfield code="a">Shelfmark: Ann Arbor, University of Michigan, Special Collections Library, Isl. Ms. 156</subfield></datafield><datafield tag="500" ind1=" " ind2=" "><subfield code="a">Origin: According to colophon on fol.29b, the collection of al-Nābulusī's treatises was copied by al-Sayyid Muṣṭafá al-Ṣamūnī [?]. Copying for the first treatise completed 1185 [1771 or 1772]. No other scribal colophon appears in the collection, though several authorial colophons were copied with their respective treatises and include dates of composition. The colophon accompanying the inserted section (excerpt from al-Futūḥāt al-Makkīyah) is anonymous but indicates that copying was finished 29 Ramaḍān 951 [ca. 14 December 1544].</subfield></datafield><datafield tag="500" ind1=" " ind2=" "><subfield code="a">Accompanying materials: a. envelope with inscription inserted between fol.35-36 -- b. folded document dated 1279 Hijrī, written in a Turkish hand and referring to Erzurum inserted between fol.134-135 -- b. blank envelope inserted between fol.160-161.</subfield></datafield><datafield tag="500" ind1=" " ind2=" "><subfield code="a">Former shelfmark: British Museum, London "No. 38. Legal &amp; religious writings of Abd al-Ghani al-Nablusi, &amp; Futuhat al-Makkiyah."</subfield></datafield><datafield tag="500" ind1=" " ind2=" "><subfield code="a">Binding: Pasteboards covered in red leather; Type II binding (with flap); board linings in untinted European laid paper with three crescents (tre lune) watermark (see lower board lining); upper and lower covers carry blind-stamped central mandorla (NSd7 Déroche class.), as well as blind-tooled borders and corners; envelope flap carries mandorla, interior of flap is trimmed in an interesting pattern to reveal the turn-in; sewn in rose and pink thread, two stations; worked chevron endbands in white; in good condition.</subfield></datafield><datafield tag="500" ind1=" " ind2=" "><subfield code="a">Support: Mainly European laid paper of several types; opening type with 11 laid lines per cm. (vertical), chain lines 25-26 mm. apart (horizontal), watermark of shield / arms with snake [?], crown above and heart below (see p.4, 18, 34, 316, 454, 552, etc.), and countermark of "V L" (see p.12, 32, 336, 602, etc.); inserted section on different European laid paper with 8 laid lines per cm. (vertical), chain lines spaced 26-28 mm. apart (horizontal), and watermark of anchor in circle (see p.162, 168, etc.);</subfield></datafield><datafield tag="500" ind1=" " ind2=" "><subfield code="a">Decoration: Figures drawn to accompany the text appear on fol.117a (on divine revelation) and fol.305a (elucidating the azimuth of the qiblah).</subfield></datafield><datafield tag="500" ind1=" " ind2=" "><subfield code="a">Script: Naskh; entire collection of treatises in roughly the same Turkish hand; text of al-Futūḥāt al-Makkīyah excerpt in older Syrian (?) hand.</subfield></datafield><datafield tag="500" ind1=" " ind2=" "><subfield code="a">Layout: Written in 23 lines per page; frame-ruled (impression of ruling-board/misṭarah evident).</subfield></datafield><datafield tag="500" ind1=" " ind2=" "><subfield code="a">Collation: i, II(4), 2 V (24), IV-2 (30), V (40), VI (52), V (62), VI (74), I+1 (77), 3 V (107), VI-1 (118), IV (126), VII (140), IV (148), III+1 (155), VI (167), V (177), IV+1 (186), 5 V (236), II+1 (241), I (243), 2 V (263), I (265), V (275), V-1 (284), IV (292), VI (304), I (306), i; catchwords present; foliation in ink faded to gray, Hindu-Arabic numerals, begins after incipit page and accounts for inserted section (fol.78a-107b in system of Western pagination) which carries its own foliation in black ink, Hindu-Arabic numerals; pagination added later in pencil, Western numerals; lacunae of fol.240b-241a marked "صحيح".</subfield></datafield><datafield tag="500" ind1=" " ind2=" "><subfield code="a">Explicit: "ميل السطح والارتفاع والسموت الافقية والانحرافية اشكار انتهى"</subfield></datafield><datafield tag="500" ind1=" " ind2=" "><subfield code="a">Incipit: "الحمدلله الوجود الحق المبين المضاف عند العقول الى كل شيء بمتضى حكمه المتين... اما بعد فيقول شيخنا واستاذنا وبركتنا وملاذنا الامام العالم العلامة...سيدي الشيخ عبد الغني الشهير بابن النابلسي...هذا شرح لطيف العبارة وظاهر الاشارة وضعته على الرسالة التي صنفها الشيخ الامام...محمد بن الشيخ فضل الله الهندي..."</subfield></datafield><datafield tag="500" ind1=" " ind2=" "><subfield code="a">Title supplied by cataloguer.</subfield></datafield><datafield tag="500" ind1=" " ind2=" "><subfield code="a">Ms. composite codex.</subfield></datafield><datafield tag="505" ind1="0" ind2=" "><subfield code="a">27. fol. 305b-306a : Hādhihi Risālat al-inḥirāf.</subfield></datafield><datafield tag="505" ind1="0" ind2=" "><subfield code="a">26. fol. 304b-305a : "Fī maʻrifat samt al-qiblah..."</subfield></datafield><datafield tag="505" ind1="0" ind2=" "><subfield code="a">25. fol. 303b-304a : [blank].</subfield></datafield><datafield tag="505" ind1="0" ind2=" "><subfield code="a">24. fol. 285a-303a : Kitāb Tawfīq al-rutbah fī taḥqīq al-khuṭbah / ʻAbd al-Ghanī ibn Ismāʻīl al-Nābulusī.</subfield></datafield><datafield tag="505" ind1="0" ind2=" "><subfield code="a">23. fol. 279a-284b : Kitāb Radd al-jāhil ilá al-ṣawāb fī jawāz iḍāfat al-taʼthīr ilá al-asbāb / ʻAbd al-Ghanī ibn Ismāʻīl al-Nābulusī.</subfield></datafield><datafield tag="505" ind1="0" ind2=" "><subfield code="a">22. fol. 278b : [blank].</subfield></datafield><datafield tag="505" ind1="0" ind2=" "><subfield code="a">21. fol. 273a-278a : Basṭ al-dhirāʻayn bi-al-waṣīd fī bayān al-ḥaqīqah wa-al-majāz fī al-tawḥīd / ʻAbd al-Ghanī ibn Ismāʻīl al-Nābulusī.</subfield></datafield><datafield tag="505" ind1="0" ind2=" "><subfield code="a">20. fol. 272b : [blank].</subfield></datafield><datafield tag="505" ind1="0" ind2=" "><subfield code="a">19. fol. 266a-fol.272a : Risālat al-baytayn / ʻAbd al-Ghanī ibn Ismāʻīl al-Nābulusī.</subfield></datafield><datafield tag="505" ind1="0" ind2=" "><subfield code="a">18. fol. 265b : [blank].</subfield></datafield><datafield tag="505" ind1="0" ind2=" "><subfield code="a">17. fol. 234a-265a : Risālat al-Mawāhib al-mustarsalah ʻalá al-Tuḥfah al-mursalah / ʻAbd al-Ghanī ibn Ismāʻīl al-Nābulusī.</subfield></datafield><datafield tag="505" ind1="0" ind2=" "><subfield code="a">16. fol. 233b : [blank].</subfield></datafield><datafield tag="505" ind1="0" ind2=" "><subfield code="a">15. fol. 173a-233a : Risālat Khamrat al-ḥān wa-rannat al-alḥān fī sharḥ risālat al-Shaykh Arslān / ʻAbd al-Ghanī ibn Ismāʻīl al-Nābulusī.</subfield></datafield><datafield tag="505" ind1="0" ind2=" "><subfield code="a">14. fol. 171b-172b : [blank].</subfield></datafield><datafield tag="505" ind1="0" ind2=" "><subfield code="a">13. fol. 150a-171a : Nafkhat al-ṣūr wa-nafkhat al-zuhūr sharḥ abyāt qabḍat al-nūr / ʻAbd al-Ghanī ibn Ismāʻīl al-Nābulusī.</subfield></datafield><datafield tag="505" ind1="0" ind2=" "><subfield code="a">12. fol. 149a-149b : [blank].</subfield></datafield><datafield tag="505" ind1="0" ind2=" "><subfield code="a">11. fol. 139b-148b : Risālat al-fatḥ al-ṭarī al-janī fī maʼāthir al-Shaykh ʻAbd al-Ghanī.</subfield></datafield><datafield tag="505" ind1="0" ind2=" "><subfield code="a">10. fol. 138b-139a : [blank].</subfield></datafield><datafield tag="505" ind1="0" ind2=" "><subfield code="a">9. fol. 116b-138a : Risālat Sharḥ al-Tajallīyāt lil-Shaykh al-Akbar / [ʻAbd al-Ghanī ibn Ismāʻīl al-Nābulusī?].</subfield></datafield><datafield tag="505" ind1="0" ind2=" "><subfield code="a">8. fol. 116a : [blank].</subfield></datafield><datafield tag="505" ind1="0" ind2=" "><subfield code="a">7. fol. 108b-115b : Sharḥ Awrād al-bahāʼ lil-Adhnawī [?] / [ʻAbd al-Ghanī ibn Ismāʻīl al-Nābulusī?].</subfield></datafield><datafield tag="505" ind1="0" ind2=" "><subfield code="a">6. fol. 108a : [blank].</subfield></datafield><datafield tag="505" ind1="0" ind2=" "><subfield code="a">5. fol. 78a-107b : [Excerpts from al-Futūḥāt al-Makkīyah] / Muḥyī al-Dīn Ibn al-ʻArabī.</subfield></datafield><datafield tag="505" ind1="0" ind2=" "><subfield code="a">4. fol. 77b : [blank].</subfield></datafield><datafield tag="505" ind1="0" ind2=" "><subfield code="a">3. fol. 31a-77a : Miftāḥ al-Futūḥ / ʻAbd al-Ghanī ibn Ismāʻīl al-Nābulusī.</subfield></datafield><datafield tag="505" ind1="0" ind2=" "><subfield code="a">2. fol. 30a-30b : [blank].</subfield></datafield><datafield tag="505" ind1="0" ind2=" "><subfield code="a">1. fol. 2a-29b : Sharḥ al-Tuḥfah al-mursalah / ʻAbd al-Ghanī ibn Ismāʻīl al-Nābulusī.</subfield></datafield><datafield tag="520" ind1="8" ind2=" "><subfield code="a">A collection (majmūʻah / mecmua) of treatises by ʻAbd al-Ghanī al-Nābulusī with a much older copy of an excerpt from Ibn al-ʻArabī's al-Futūḥāt al-Makkīyah bound in.</subfield></datafield><datafield tag="538" ind1=" " ind2=" "><subfield code="a">Mode of access: Internet.</subfield></datafield><datafield tag="541" ind1=" " ind2=" "><subfield code="c">Purchase ;</subfield><subfield code="a">Acquired by purchase along with Abdul Hamid Collection (funds donated by Horace Rackham).</subfield><subfield code="d">1924.</subfield></datafield><datafield tag="546" ind1=" " ind2=" "><subfield code="a">Arabic.</subfield></datafield><datafield tag="561" ind1=" " ind2=" "><subfield code="a">Bookplate of British Museum, London on inner front cover, "No. 38. Legal &amp; religious writings of Abd al-Ghani al-Nablusi, &amp; Futuhat al-Makkiyah." ; circular seal impression with figure of goat/gazelle in purple ink as well as inscription "370" in Western numerals on recto of front flyleaf; tail of textblock inscribed "٢٥٨" ; circular waqf-seal impression appears on fol.2a and repeatedly throughout, reads: "هذا وقف الراجي فيض الصمدي الشيخ احمد ضيا الدين ابن مصطفى الخالدي فمن بدله بعد ما سمعه فانما اثمه على الذين يبدلونه ١٢٨٠" in name of Aḥmad Ḍiyāʼ al-Dīn ibn Muṣṭafá al-Khālidī (i.e. Ahmed Ziyâüddîn Gümüşhanevî, d. 1893 or 4); collation notes and marks (see fol.160a, fol.181a, fol.205b, fol.215b, fol.243b, etc.) of multiple collators appear in several hands throughout, include: "يقابل على خط المصنف" (see fol.78a), "بلغ مقابلة على خط المصنف" (fol.87b), "مقابلة على حسب الامكان والله اعلم" (fol.115b), "بلغ مقابلة من اوله الى اخره" (fol.171a), "بلغ مقابلة من اوله الى اخره على اصل صحيح بحسب الطاقة" (fol.233a); marginal corrections marked with signes-de-renvoi, primarily bā hindīyah indicating variant (see fol.173b, 178a, 183b, 192b, etc.).</subfield></datafield><datafield tag="600" ind1="1" ind2="0"><subfield code="a">Jaʻbarī, Arslān ibn Yaʻqūb,</subfield><subfield code="d">-1300.</subfield><subfield code="t">Risālat al-tawḥīd.</subfield></datafield><datafield tag="600" ind1="1" ind2="0"><subfield code="a">Nābulusī, ʻAbd al-Ghanī ibn Ismāʻīl,</subfield><subfield code="d">1641-1731.</subfield></datafield><datafield tag="600" ind1="0" ind2="0"><subfield code="a">Ibn al-ʻArabī,</subfield><subfield code="d">1165-1240.</subfield><subfield code="t">Tajallīyāt al-ilāhīyah.</subfield></datafield><datafield tag="600" ind1="1" ind2="0"><subfield code="a">Burhānpūrī, Muḥammad ibn Faḍl Allāh,</subfield><subfield code="d">-1619 or 1620.</subfield><subfield code="t">Tuḥfah al-mursalah ilá al-Nabī.</subfield></datafield><datafield tag="650" ind1=" " ind2="0"><subfield code="a">Manuscripts, Arabic</subfield><subfield code="z">Michigan</subfield><subfield code="z">Ann Arbor.</subfield></datafield><datafield tag="650" ind1=" " ind2="0"><subfield code="a">Free will and determinism</subfield><subfield code="x">Religious aspects</subfield><subfield code="x">Islam</subfield><subfield code="v">Early works to 1800.</subfield></datafield><datafield tag="650" ind1=" " ind2="0"><subfield code="a">God (Islam)</subfield><subfield code="x">Will</subfield><subfield code="v">Early works to 1800.</subfield></datafield><datafield tag="650" ind1=" " ind2="0"><subfield code="a">Islam</subfield><subfield code="x">Doctrines</subfield><subfield code="v">Early works to 1800.</subfield></datafield><datafield tag="650" ind1=" " ind2="0"><subfield code="a">Revelation</subfield><subfield code="x">Islam.</subfield></datafield><datafield tag="650" ind1=" " ind2="0"><subfield code="a">Sufism</subfield><subfield code="v">Early works to 1800.</subfield></datafield><datafield tag="700" ind1="1" ind2=" "><subfield code="6">880-06</subfield><subfield code="a">Ṣamūnī, al-Sayyid Muṣṭafá,</subfield><subfield code="d">flourished 1771,</subfield><subfield code="e">scribe.</subfield></datafield><datafield tag="700" ind1="0" ind2="2"><subfield code="6">880-05</subfield><subfield code="a">Ibn al-ʻArabī,</subfield><subfield code="d">1165-1240.</subfield><subfield code="t">Futūḥāt al-Makkīyah.</subfield></datafield><datafield tag="740" ind1="0" ind2="2"><subfield code="a">Tawfīq al-rutbah fī taḥqīq al-khuṭbah</subfield></datafield><datafield tag="740" ind1="0" ind2="2"><subfield code="a">Radd al-jāhil ilá al-ṣawāb fī jawāz iḍāfat al-taʼthīr ilá al-asbāb</subfield></datafield><datafield tag="740" ind1="0" ind2="2"><subfield code="a">Basṭ al-dhirāʻayn bi-al-waṣīd fī bayān al-ḥaqīqah wa-al-majāz fī al-tawḥīd</subfield></datafield><datafield tag="740" ind1="0" ind2="2"><subfield code="a">Risālat al-baytayn</subfield></datafield><datafield tag="740" ind1="0" ind2="2"><subfield code="a">Mawāhib al-mustarsalah ʻalá al-Tuḥfah al-mursalah</subfield></datafield><datafield tag="740" ind1="0" ind2="2"><subfield code="a">Khamrat al-ḥān wa-rannat al-alḥān fī sharḥ risālat al-Shaykh Arslān</subfield></datafield><datafield tag="740" ind1="0" ind2="2"><subfield code="a">Nafkhat al-ṣūr wa-nafkhat al-zuhūr sharḥ abyāt qabḍat al-nūr</subfield></datafield><datafield tag="740" ind1="0" ind2="2"><subfield code="a">Fatḥ al-ṭarī al-janī fī maʼāthir al-Shaykh ʻAbd al-Ghanī.</subfield></datafield><datafield tag="740" ind1="0" ind2="2"><subfield code="a">Sharḥ al-Tajallīyāt lil-Shaykh al-Akbar</subfield></datafield><datafield tag="740" ind1="0" ind2="2"><subfield code="a">Sharḥ Awrād al-bahāʼ lil-Adhnawī</subfield></datafield><datafield tag="740" ind1="0" ind2="2"><subfield code="a">Miftāḥ al-Futūḥ</subfield></datafield><datafield tag="740" ind1="0" ind2="2"><subfield code="a">Sharḥ al-Tuḥfah al-mursalah</subfield></datafield><datafield tag="773" ind1="0" ind2=" "><subfield code="a">Tiflis Collection.</subfield></datafield><datafield tag="880" ind1="1" ind2=" "><subfield code="6">700-06/</subfield><subfield code="a">صموني, السيد مصطفى,</subfield><subfield code="e">ناسخ.</subfield></datafield><datafield tag="880" ind1="0" ind2="2"><subfield code="6">700-05/</subfield><subfield code="a">ابن العربي,</subfield><subfield code="t">فتوحات المكية.</subfield></datafield><datafield tag="880" ind1="3" ind2=" "><subfield code="6">246-04/</subfield><subfield code="a">مجموعة الشريفة للنابلسي</subfield></datafield><datafield tag="880" ind1="1" ind2="0"><subfield code="6">245-03/</subfield><subfield code="a">[مجموعة رسائل النابلسي ...إلخ,</subfield><subfield code="f">951ه, 1544م و 1185ه, 1771 او 1772م].</subfield></datafield><datafield tag="880" ind1="1" ind2=" "><subfield code="6">100-01/</subfield><subfield code="a">نابلسي، عبد الغني بن إسماعيل.</subfield></datafield><datafield tag="CID" ind1=" " ind2=" "><subfield code="a">006776036</subfield></datafield><datafield tag="DAT" ind1="0" ind2=" "><subfield code="a">20190719102635.0</subfield><subfield code="b">20190719000000.0</subfield></datafield><datafield tag="DAT" ind1="1" ind2=" "><subfield code="a">20190719090653.0</subfield><subfield code="b">2019-07-19T16:11:23Z</subfield></datafield><datafield tag="DAT" ind1="2" ind2=" "><subfield code="a">2015-10-10T18:00:06Z</subfield></datafield><datafield tag="CAT" ind1=" " ind2=" "><subfield code="a">SDR-MIU</subfield><subfield code="d">EX LIBRIS - ALEPH</subfield><subfield code="l">prepare.pl-004-008</subfield></datafield><datafield tag="FMT" ind1=" " ind2=" "><subfield code="a">BK</subfield></datafield><datafield tag="HOL" ind1=" " ind2=" "><subfield code="0">sdr-miu006776036</subfield><subfield code="a">MiU</subfield><subfield code="b">SDR</subfield><subfield code="c">MIU</subfield><subfield code="p">mdp.39015079125855</subfield><subfield code="s">MIU</subfield><subfield code="1">006776036</subfield></datafield><datafield tag="974" ind1=" " ind2=" "><subfield code="b">MIU</subfield><subfield code="c">MIU</subfield><subfield code="d">20190719</subfield><subfield code="s">lit-dlps-dc</subfield><subfield code="u">mdp.39015079125855</subfield><subfield code="y">1772</subfield><subfield code="r">pd</subfield><subfield code="q">bib</subfield><subfield code="t">non-US bib date2, date type m &lt; 1896</subfield></datafield></record></collection>